@Book{xie2015,
  title = {Dynamic Documents with {R} and knitr},
  author = {Yihui Xie},
  publisher = {Chapman and Hall/CRC},
  address = {Boca Raton, Florida},
  year = {2015},
  edition = {2nd},
  note = {ISBN 978-1498716963},
  url = {http://yihui.org/knitr/},
}

@article{couture2021,
	title = {Field and laboratory characterization of rotenone attenuation in eight lakes of the Kenai Peninsula, Alaska},
	author = {Couture, Jordan M and Redman, Zachary C and Bozzini, Jake and Massengill, Robert and Dunker, Kristine and Briggs, Brandon R and Tomco, Patrick L},
	year = {2021},
	month = {10},
	date = {2021-10-06},
	journal = {Chemosphere},
	pages = {132478},
	volume = {288},
	number = {Pt 2},
	doi = {10.1016/j.chemosphere.2021.132478},
	url = {http://dx.doi.org/10.1016/j.chemosphere.2021.132478}
}
